@Book{ particle-diffraction,
	author = "Predazzi, Enrico and Barone, Vincenzo",
	title = "High-energy particle diffraction",
	publisher = "Springer",
	year = "2002 ",
	edition = "4",
	note = "ISBN 978-3540421078"
}

@Book{particle-physics,
	author = "Martin, B.R. and Shaw, G.",
	title = "Particle Physics",
	publisher = "Wiley",
	year = "2003",
	edition = "2",
	note = "ISBN 978-0471972853"
}

@Book{quarks-leptons,
	author="Halzen, Francis and Martin, Alan D.",
	title = "Quarks \& Leptons",
	publisher = "Wiley",
	year = "1984",
	note = "ISBN 978-0471887416"
}

% Perusartikkeli jota mukaillaan
@Article{ Caldwell:2009ke,
	author = "A. Caldwell and H. Kowalski",
	title = "{The $J/\psi$ Way to Nuclear Structure}",
	year = "2009",
	eprint = "0909.1254",
	archivePrefix = "arXiv",  
	SLACcitation = "%%CITATION = 0909.1254;%%"
}

% Dipolimallin vaikutusalojen johto, tiheysfunktio T(b), gluonien rakenne-
% funktiot, fotonin aaltofunktio yms. ~selkeästi!
@Article{PhysRevD.68.114005,
  title = {Impact parameter dipole saturation model},
  author = {Kowalski, Henri  and Teaney, Derek },
  journal = {Phys. Rev. D},
  volume = {68},
  number = {11},
  year = {2003},
  doi = {10.1103/PhysRevD.68.114005},
 publisher = {American Physical Society},
 eprint = {hep-ph/0304189v3},
 archivePrefix = "arXiv"
}

% Dipolimallin johto valokartiokoordinaatistossa
@article {Weigert:hep-ph0501087,
author="Heribert Weigert",
title="Evolution at small $x_{bj}$: The Color Glass Condensate",
year="2005",
eprint="hep-ph/0501087",
doi="10.1016/j.ppnp.2005.01.029"
} 
@Article{Weigert:2000gi,
     author    = "Weigert, Heribert",
     title     = "{Unitarity at small Bjorken x}",
     journal   = "Nucl. Phys.",
     volume    = "A703",
     year      = "2002",
     pages     = "823-860",
     eprint    = "hep-ph/0004044",
     archivePrefix = "arXiv",
     doi       = "10.1016/S0375-9474(01)01668-2",
     SLACcitation  = "%%CITATION = HEP-PH/0004044;%%"
}



% [21] perusartikkeliin
% dipolivaikutusalan unitaarisuus, ytimelle fiksumpi malli dipolivaikutusalalle,
% tälle approksimaatio
@Article{PhysRevLett.100.022303,
  title = {Nuclear Enhancement of Universal Dynamics of High Parton Densities},
  author = {Kowalski, H.  and Lappi, T.  and Venugopalan, R. },
  journal = {Phys. Rev. Lett.},
  volume = {100},
  number = {2},
  year = {2008},
  doi = {10.1103/PhysRevLett.100.022303},
  publisher = {American Physical Society}
}

% Rakennefunktioita F_2 ja F_L dipolimalliin ja dissiin
@Article{PhysRevD.65.114019,
  title = {Unitarity corrections to the structure functions through the dipole picture},
  author = {Gay Ducati, M. B. and Machado, M. V. T.},
  journal = {Phys. Rev. D},
  volume = {65},
  number = {11},
  pages = {114019},
  numpages = {13},
  year = {2002},
  doi = {10.1103/PhysRevD.65.114019},
  publisher = {American Physical Society}
}


% http://books.google.fi/books?id=iM-pCL4TN2sC&pg=PA264&lpg=PA264&dq=glauber-mueller+dipole+cross+section&source=bl&ots=reg4B_tiKy&sig=gUY8J-6nNTYNSbEZIzc2EeOpb9s&hl=fi&ei=HbEDTLCaNoKcOLmj5dYE&sa=X&oi=book_result&ct=result&resnum=7&ved=0CDQQ6AEwBjgK#v=onepage&q=glauber-mueller%20dipole%20cross%20section&f=false
% Perusasioita, huonompi simppelimpi arvausmalli dipolivaikutusalalle, parametrien arvoja
@Book{hera-physics,
	author = "G. Grindhammer, W. Ochs, B. A. Kniehl",
	title = "New Trends in HERA Physics 2005",
	publisher = "World Scientific",
	year = "2006 ",
	note = "ISBN 9789812568168"
}

% [18], kivoja plotteja vaikutusaloille eri tapauksiin
@Article{Kowalski:2006hc,
     author    = "Kowalski, H. and Motyka, L. and Watt, G.",
     title     = "{Exclusive diffractive processes at HERA within the dipole
                  picture}",
     journal   = "Phys. Rev.",
     volume    = "D74",
     year      = "2006",
     pages     = "074016",
     eprint    = "hep-ph/0606272",
     archivePrefix = "arXiv",
     doi       = "10.1103/PhysRevD.74.074016",
     SLACcitation  = "%%CITATION = HEP-PH/0606272;%%"
}


% Rakennefunktiot taas
@Article{Salek:2008zz,
     author    = "Salek, David",
     title     = "{Measurement of the longitudinal proton structure function
                  in diffraction at the H1 experiment}",
     journal   = "Acta Phys. Polon.",
     volume    = "B39",
     year      = "2008",
     pages     = "2515-2520",
     SLACcitation  = "%%CITATION = APPOA,B39,2515;%%"
}

% Eksponentioimaton dipoli-protonivaikutusala
@Article{Frankfurt:1996ri,
     author    = "Frankfurt, L. and Radyushkin, A. and Strikman, M.",
     title     = "{Interaction of small size wave packet with hadron
                  target}",
     journal   = "Phys. Rev.",
     volume    = "D55",
     year      = "1997",
     pages     = "98-104",
     eprint    = "hep-ph/9610274",
     archivePrefix = "arXiv",
     doi       = "10.1103/PhysRevD.55.98",
     SLACcitation  = "%%CITATION = HEP-PH/9610274;%%"
}

% Glauber-Mueller dipolimalli = IPsat = KowalskyTeaney
@Article{Lappi:2009mq,
     author    = "Lappi, T. and Kowalski, H. and Marquet, C. and Venugopalan,
                  R.",
     title     = "{Diffractive structure functions in nuclei}",
     year      = "2009",
     eprint    = "0906.3637",
     archivePrefix = "arXiv",
     primaryClass  =  "hep-ph",
     note = "arXiv:0906.3637",  
     SLACcitation  = "%%CITATION = 0906.3637;%%"
}

